@comment{This file has been generated by Pybliographer}

@String{ lea 	= "Lawrence Erlbaum Associates"}
@String{ lea-addr 	= "Hillsdale, New Jersey"}
@String{ mit 	= "The MIT Press"}
@String{ ieeetranscom 	= "{IEEE} Transactions on Communications"}
@String{ cs-unc 	= "Department of Computer Science, University of North Carolina at Chapel Hill"}
@String{ psychrev 	= "Psychological Review"}
@String{ josa-a 	= "Journal of the Optical Society of {A}merica {A}"}
@String{ prletters 	= "Pattern Recognition Letters"}
@String{ ap 	= "Academic Press"}
@String{ unc-ch 	= "University of North Carolina at Chapel Hill"}
@String{ mit-addr 	= "Cambridge, MA"}
@String{ pami 	= "{IEEE} Transactions on Pattern Analysis and Machine Intelligence"}
@String{ ams 	= "American Mathematical Society"}
@String{ cvgip 	= "Computer Vision, Graphics, and Image Processing"}
@String{ cvgip-iu 	= "Computer Vision, Graphics, and Image Processing: Image Understanding"}
@String{ springer 	= "Springer-Verlag"}
@String{ tins 	= "Trends in Neuroscience ({TINS})"}
@String{ josa 	= "Journal of the Optical Society of {A}merica"}
@String{ spatialvis 	= "Spatial Vision"}
@String{ procnas 	= "Proc. Natl. Acad. Sci. USA"}
@String{ sciam 	= "Scientific American"}
@String{ vr 	= "Vision Research"}
@String{ ph 	= "Prentice Hall"}
@String{ cgip 	= "Computer Graphics and Image Processing"}

@article{jonker1953moa,
  title={{Morphological operations on 3D and 4D images: From shape primitive detection to skeletonization}},
  author={Jonker, P.P.},
  publisher={springer-Verlag},
  journal={Lecture Notes in Computer Science},
  volume={1953},
  pages={371--391},
  year={2000}
}

@article{lee1994bsm,
  title={{Building skeleton models via 3-D medial surface/axis thinning algorithms}},
  author={Lee, T.C. and Kashyap, R.L. and Chu, C.N.},
  journal={Computer Vision, Graphics, and Image Processing},
  volume={56},
  number={6},
  pages={462--478},
  year={1994},
  publisher={Academic Press, Inc. Orlando, FL, USA}
}
